1648 2478
167 101 220 142 20
617 112 799 144 PLAVTI
829 113 1125 145 TRINVMMVS

89 240 146 269 435
165 224 247 263 PH.
307 224 438 263 Erum
459 226 584 275 atque
606 239 766 265 seruom
788 226 1023 277 plurumum
1048 227 1192 266 Philtc')
1212 227 1328 266 iubet

167 288 344 337 Saluere,
366 290 638 328 Lesbonicum
659 296 700 328 et
723 291 958 329 Stasimum.
1043 292 1114 329 LE.
1156 292 1211 329 Di
1230 279 1351 330 duint

166 353 271 401 Tibi,
291 353 445 402 Philto,
464 367 777 404 quaequomque
797 356 926 405 eptes.
988 355 1095 401 Quid
1115 356 1201 404 agit
1220 355 1338 394 filius
1356 358 1376 394 ?

163 416 242 454 PH.
301 418 412 455 Bene
428 419 517 456 uelt
536 418 626 470 tibi.
712 420 788 457 LE.
847 420 1006 469 Edepol
1028 420 1213 458 mutuom
1232 420 1392 458 mecum
1412 420 1526 459 facit.

165 480 229 518 8Τ.
287 482 478 532 Nequam
500 482 606 521 illud
626 484 840 522 uerbumst
861 488 871 506 ‘
884 484 986 522 bene
1000 484 1113 532 uolt,⁷
1130 484 1213 522 nisi
1229 484 1301 534 qui
1319 484 1423 523 bene
1442 485 1558 524 facit.
1608 480 1611 481 ⁷

87 561 146 589 440
164 545 252 593 Ego
271 548 433 597 queque
454 547 548 585 uolo
569 560 659 586 esse
678 547 800 586 liber:
831 548 1084 598 nequiquam
1104 548 1211 586 uolo.

166 610 249 650 Hic
270 612 452 662 postulet
472 612 583 660 frugi
605 613 692 650 esse
710 628 717 650 :
748 625 878 662 nugas
900 612 1094 662 pestulet.

162 679 241 716 PH.
300 678 419 715 Meus
441 677 592 725 gnatus
614 689 677 714 me
698 677 751 714 ad
770 682 811 715 te
831 676 958 725 misit,
981 677 1090 715 inter
1109 681 1150 715 te
1170 677 1295 726 atque
1315 690 1389 716 nos

162 741 443 780 Adfinitatem
463 745 510 778 ut
531 741 794 779 cenciliarem
814 746 855 778 et
877 741 1062 789 gratiam.

161 808 292 844 Tuam
313 805 401 843 uelt
422 817 601 843 sororem
623 804 769 843 ducere
791 818 982 843 uxorem:
1014 806 1055 843 et
1075 805 1179 843 mihi

86 885 142 915 445
164 870 380 909 Sententia
399 869 584 907 eademst
605 870 646 907 et
666 870 771 908 uolo.
856 871 930 908 LE.
992 870 1089 908 Hau
1109 870 1232 908 nosce
1252 874 1389 907 tuom:

162 934 288 973 Bonis
308 934 393 972 tuis
414 934 535 972 rebus
557 934 668 972 meas
690 947 752 973 res
773 934 929 972 inrides
950 934 1091 973 malas.
1436 927 1442 932 ’

160 1000 242 1036 ΡΗ.
304 999 441 1036 Homo
461 998 536 1047 ego
558 994 660 1046 sum,
682 999 805 1037 homo
824 1004 870 1036 tu
891 1011 933 1037 es
951 1014 957 1036 :
990 998 1050 1036 ita
1069 1011 1134 1037 me
1154 997 1309 1036 amabit
1329 997 1531 1048 Iuppiter,
1582 1033 1592 1038 ,
1617 1033 1620 1035 ,

160 1064 306 1113 Neque
323 1063 364 1100 te
385 1062 566 1100 derisum
588 1063 764 1100 aduenio
783 1075 917 1112 neque
939 1062 1108 1111 dignum
1130 1067 1244 1112 puto.

160 1128 311 1166 Verum
333 1127 409 1165 hec
426 1127 536 1176 quod
556 1127 645 1164 dixi
665 1127 779 1165 meus
800 1140 864 1165 me
884 1128 1019 1165 orauit
1044 1126 1175 1175 filius,

83 1215 142 1242 450
160 1193 216 1229 Vt
231 1192 341 1229 tutin]
367 1203 545 1229 sororem
566 1192 774 1241 pescerem
795 1192 963 1229 uxorem
986 1191 1076 1229 sibi.

159 1256 230 1293 LE.
292 1254 479 1294 Meari'un
501 1268 564 1293 me
585 1268 719 1293 rerum
741 1256 907 1294 neuisse
928 1259 1143 1305 aequomst
1163 1254 1361 1294 6rdinem.

159 1320 261 1358 Cum
281 1321 424 1358 uestra
442 1324 584 1357 nostra
605 1320 685 1357 11611
707 1324 769 1358 est
790 1333 920 1370 aequa
939 1320 1088 1358 factio:

158 1384 438 1422 Adfinitatem
461 1384 578 1423 uo'bis
600 1384 723 1422 aliam
745 1384 943 1434 quaerite.

161 1449 225 1487 81.
285 1449 399 1487 Satin
422 1449 503 1486 tu’s
525 1461 648 1486 sanus
670 1448 821 1486 mentis
843 1453 915 1487 aut
934 1448 1063 1487 animi
1082 1448 1158 1497 tui,

82 1529 139 1559 455
159 1513 237 1558 Qui
257 1513 540 1551 condicionem
560 1513 666 1551 hanc
687 1513 878 1563 repudies
896 1515 916 1551 ἶ)
973 1514 1084 1551 Nam
1104 1512 1223 1551 illum
1245 1513 1324 1552 tibi

159 1576 445 1615 Ferentarium
466 1590 554 1616 esse
575 1577 753 1615 amicum
774 1577 991 1615 inuentum
1011 1577 1219 1626 intellego.

158 1641 232 1679 LE.
290 1641 402 1680 Abin
440 1641 536 1680 hinc
576 1642 754 1680 dierecte
769 1643 788 1679 ἱ)
873 1642 938 1681 8Τ,
999 1641 1041 1679 81
1080 1641 1217 1679 hercle
1251 1642 1311 1679 ire
1341 1641 1555 1691 occipizim,

1423 1710 1553 1744 notes.

158 1771 231 1808 LE.
289 1770 383 1809 Nisi
405 1771 507 1821 quid
526 1784 591 1809 1116
613 1772 727 1810 aliud
747 1771 824 1819 uis,
845 1771 1000 1819 Philto,
1022 1769 1217 1821 respondi
1235 1769 1324 1808 tibi.

157 1835 237 1872 PH.
297 1835 600 1885 Benigniorem,
623 1836 860 1883 Lesbonice‚
882 1836 923 1873 te
945 1835 1047 1873 1111111

82 1908 140 1943 460
157 1899 287 1944 Quam
311 1899 419 1938 1111116
439 1900 628 1950 experior
650 1901 737 1938 esse
759 1899 918 1937 confide
939 1900 1050 1937 fore:

157 1964 266 2001 Nam
288 1968 329 2001 et
349 1963 475 2002 stulte
496 1964 633 2002 facere
653 1968 695 2002 et
715 1963 843 2002 stulte
863 1963 1100 2012 fabularier,

157 2027 402 2077 Vtrumque,
425 2028 662 2076 Lesbonice,
684 2028 727 2066 in
748 2032 883 2066 aetate
902 2027 986 2066 hau
1004 2029 1210 2066 bonumst.

160 2091 225 2129 ST.
282 2092 437 2131 Verum
467 2092 606 2130 hercle
636 2092 704 2130 1116
725 2092 837 2130 dicit.
923 2092 995 2129 LE.
1057 2082 1233 2130 Oculum
1253 2104 1329 2141 ego
1349 2091 1555 2130 ecfodiam

1462 2156 1553 2204 tibi,

159 2220 203 2259 Si
219 2221 394 2261 uerbum
416 2221 637 2259 addideris.
724 2221 788 2259 ST.
847 2220 1000 2259 Hercle
1020 2220 1089 2270 qui
1113 2220 1247 2258 dicam
1267 2224 1427 2269 tamen,

82 2288 139 2325 465
157 2284 264 2322 Nam
291 2284 326 2323 si
348 2285 406 2323 sic
427 2298 510 2322 non
530 2285 685 2334 licebit,
706 2285 847 2323 luscus
872 2284 1025 2323 dixero.
