1648 2478
188 123 243 164 14
641 131 822 162 PLAVTI
852 131 1146 163 TRINVMMVS

189 245 318 284 Hisce
357 246 431 294 ego
469 246 519 283 de
566 245 725 284 artibus
773 245 947 294 gratiam
995 245 1115 293 facio,
1158 257 1209 283 ne
1251 245 1360 284 colas
1394 257 1497 283 neue
1529 244 1585 283 in-

1239 310 1340 348 buas
1361 309 1586 359 ingenium,

430 376 525 413 Meo
545 375 665 413 1116ᾶο
685 379 726 412 et
747 375 927 414 moribus
949 375 1082 413 uiuito
1101 374 1284 425 antiquis
1302 390 1308 412 :

696 440 805 484 Quae
826 452 900 488 ego
920 440 997 477 tibi
1019 440 1239 490 praecipio,
1262 453 1309 478 ea
1329 440 1467 478 facito.

189 504 264 542 Nil
295 505 369 553 ego
401 508 504 542 istos
534 508 669 542 1110161·
698 504 860 542 faeceos
898 517 1043 552 mores,
1080 505 1281 554 turbidos,
1313 505 1462 555 quibus
1490 505 1587 543 boni

1263 570 1512 607 dedecorant
1532 582 1586 607 se.

191 634 307 671 Haec
327 632 404 670 tibi
435 632 469 670 si
499 645 591 670 mea
617 632 794 682 imperia
822 645 1022 683 capesses,
1054 633 1187 672 multa
1214 634 1322 671 bona
1350 634 1394 671 in
1423 638 1588 684 pectore

115 714 173 742 300
1360 698 1585 736 consident.

192 827 268 863 LY.
328 825 495 876 semper
524 838 598 874 ego
626 838 757 876 usque
787 827 839 864 ad
868 826 974 864 hanc
1004 830 1182 864 aetatem
1213 827 1265 865 ab
1294 826 1464 865 ineunte
1493 827 1589 864 adu-

1391 891 1591 929 lescentia

192 954 292 992 Tuis
314 954 466 992 seruiui
488 955 731 992 seruitutem
753 954 951 1004 imperiis,
973 955 1218 1005 praeceptis,
1240 960 1368 1005 pater.

190 1019 272 1057 Pro
292 1012 459 1067 ingenio
480 1031 553 1066 ego
574 1031 637 1055 me
658 1018 834 1056 liberum
855 1031 945 1057 esse
965 1019 1078 1057 ratus
1100 1032 1202 1067 sum,
1224 1032 1297 1069 pro
1326 1019 1499 1069 imperio
1518 1023 1590 1057 tuo

191 1084 333 1121 Meum
354 1083 537 1121 animum
559 1083 636 1120 tibi
658 1083 900 1121 seruitutem
924 1083 1078 1121 seruire
1099 1095 1272 1133 aequom
1292 1084 1443 1122 censui.

117 1167 172 1197 305
191 1149 271 1186 PH.
333 1142 411 1193 Qui
432 1148 553 1185 homo
583 1160 676 1185 cum
705 1148 842 1186 animo
871 1147 968 1186 inde
999 1148 1051 1186 ab
1078 1148 1247 1186 ineunte
1275 1149 1410 1186 aetate
1440 1148 1591 1197 depug-

1412 1212 1484 1250 nat
1503 1224 1589 1259 suo,

191 1267 339 1317 Vtrum
361 1278 473 1315 itane
494 1290 581 1315 esse
602 1277 775 1315 mauelit
795 1282 841 1315 ut
861 1289 955 1315 611111
975 1277 1136 1316 animus
1157 1290 1328 1327 aequom
1350 1277 1527 1324 censeat,

193 1332 267 1381 Ᾰ11
287 1343 345 1380 ita
365 1343 502 1392 potius
523 1341 568 1379 {it
590 1346 780 1391 parentes
803 1342 894 1379 611111
915 1347 1002 1380 esse
1024 1346 1064 1380 et
1084 1341 1249 1391 cognati
1269 1342 1411 1379 uelint.

194 1407 238 1445 Si
259 1407 421 1445 animus
442 1407 651 1444 hominem
671 1406 845 1456 pepulit,
867 1411 1058 1453 actumst,
1079 1407 1218 1444 animo
1233 1406 1373 1454 seruit,
1395 1407 1478 1444 11611
1490 1397 1589 1444 sibi:¹

195 1472 237 1509 Si
258 1471 346 1521 ipse
368 1471 548 1509 animum
572 1470 745 1520 pepulit,
768 1471 865 1508 dum
884 1470 1004 1518 uiuit,
1026 1469 1158 1508 uictor
1179 1469 1383 1508 uictorum
1403 1470 1526 1508 cluet.

119 1555 176 1583 310
194 1535 257 1573 Tu
278 1536 312 1574 si
334 1535 519 1574 animum
539 1534 679 1573 uicisti
700 1535 839 1585 potius
856 1547 981 1584 quani
1000 1535 1163 1573 a'nimus
1184 1539 1237 1583 te,
1268 1538 1331 1573 est
1360 1534 1471 1584 quod
1499 1532 1592 1582 gaii-

1480 1598 1589 1637 deas.

193 1665 335 1703 Nimio
357 1664 507 1702 satiust
527 1663 574 1702 i'it
594 1667 716 1714 opust
736 1664 806 1702 ted
826 1664 886 1705 ita
907 1664 994 1702 esse
1016 1677 1137 1714 quain
1158 1668 1205 1702 ut
1225 1663 1362 1702 animo
1381 1662 1508 1701 lubet.

197 1729 293 1780 (Qui
314 1729 499 1767 animum
519 1729 693 1766 uincunt
713 1729 837 1778 quain
867 1741 969 1779 quos
999 1729 1161 1766 animus
1191 1729 1351 1778 semper
1380 1727 1591 1778 probiores

864 1841 867 1843 ‚
1419 1791 1590 1844 cluent.)

196 1859 272 1896 ΙΝ.
331 1846 465 1896 fstaec
483 1870 556 1907 ego
571 1858 627 1894 mi
645 1858 806 1908 semper
826 1857 952 1896 habui
969 1857 1096 1898 aetati
1118 1855 1447 1907 integumentum
1463 1868 1590 1904 meae,
1622 1857 1625 1860 ⁴

196 1923 261 1961 Ne
299 1927 557 1974 penetrarem
597 1935 661 1960 me
694 1921 881 1972 usquam,
920 1922 991 1960 ubi
1030 1926 1139 1960 esset
1170 1921 1309 1959 damni
1347 1920 1592 1959 conciliabu-

1492 1985 1591 2034 lum,

122 2071 178 2101 315
197 2053 290 2090 Neu
311 2056 435 2090 noctu
456 2052 557 2089 irem
580 2052 887 2090 obambulatum
908 2051 988 2089 neu
1009 2064 1122 2090 suom
1145 2051 1368 2089 adimerem
1388 2049 1519 2089 alteri.

198 2118 291 2154 Neu
312 2117 388 2155 tibi
410 2117 724 2166 aegritudinem,
747 2123 876 2168 pater,
898 2117 1096 2167 parerem,
1118 2115 1229 2166 parsi
1251 2115 1413 2154 sedulo:

201 2183 320 2222 Sarta
339 2187 449 2221 tecta
468 2187 539 2221 tua
559 2188 778 2233 praecepta
806 2195 937 2232 usque
957 2182 1083 2220 habui
1106 2195 1196 2220 mea
1214 2181 1429 2220 modestia.

199 2248 278 2287 ΡΗ.
337 2247 445 2293 Quid
474 2247 694 2297 exprobras
712 2249 732 2285 ‘?
790 2248 901 2285 Bene
931 2247 1039 2296 quod
1068 2245 1206 2284 fecisti
1236 2245 1313 2284 tibi
1341 2245 1491 2293 fecisti,
1513 2245 1595 2282 11611

1471 2308 1592 2347 mihi:
