1648 2478
574 127 749 158 1³12Av'r1
782 127 1011 158 TRlNVMM
1022 126 1075 155 vs
1499 118 1524 158 5

121 242 237 279 Bona
256 239 396 279 fausta
418 240 521 279 felix
542 240 837 289 fortunataque
860 240 1074 277 &uenat—

122 305 290 358 [Aside]
352 306 491 355 Teque
534 303 581 342 {it
621 317 744 354 quam
778 304 959 354 primum
999 304 1157 354 possim
1195 303 1358 341 uideam
1398 304 1524 342 emor-

1395 373 1519 406 tuam.

120 435 206 473 ΜΕ.
267 434 352 473 Η19
370 433 443 472 ille
465 434 539 481 est,
563 437 729 472 senecta
747 433 883 472 aetate
905 433 976 482 (1111
997 431 1155 471 factust
1174 445 1288 482 puer,

118 498 197 544 Qui
218 498 388 537 admisit
409 498 451 535 111
474 511 516 536 ε9
536 497 700 548 culpam
721 497 1020 546 castigabilem.

119 563 351 612 Adgrediar
370 562 590 601 hominem.
676 563 750 602 CA.
809 562 941 607 Quoia
956 562 1022 600 hic
1040 574 1120 599 uox
1141 575 1269 612 prope
1284 561 1348 599 ine
1365 566 1484 600 sonat
1500 564 1519 599 ἵ)
1537 581 1575 610 45

119 628 202 665 ΜΕ.
260 627 339 665 Tui
360 627 658 675 beneuolentis,
682 627 718 666 si
738 627 798 665 ita
821 640 862 665 es
885 630 930 664 ut
951 639 1025 675 ego
1046 627 1087 664 to
1107 626 1223 664 uolo:

119 691 193 729 Sin
213 691 335 730 aliter
356 704 411 739 es,
433 690 593 730 inimici
615 696 738 741 atque
760 690 857 729 irati
877 691 965 729 tibi.

118 756 192 795 CA.
251 755 285 795 O
305 755 447 803 amice,
471 755 596 803 salue,
623 755 628 809 Ι
654 757 779 805 atque
800 755 997 805 aequalis.
1054 745 1112 794 Vt
1132 755 1259 803 uales,

117 820 407 869 Megaronides
422 822 442 858 ἶ)
527 821 611 858 ΜΕ.
669 821 724 858 Et
744 825 790 858 tu
811 820 955 870 e'depol
979 820 1104 869 salue,
1127 820 1330 859 Callicles.

118 884 192 923 CA.
249 884 384 923 Valen
399 886 419 922 ?
476 884 688 923 Valuistin
703 886 723 923 ?
794 886 878 923 ΜΕ.
937 885 1067 924 Vzsseo
1087 889 1130 923 et
1151 885 1263 923 ualui
1285 885 1448 924 rectius.
1536 904 1576 934 50

117 948 191 987 CA.
249 949 356 994 Quid
395 948 468 988 tua
504 950 591 999 agit
629 962 732 988 uxor
746 951 766 988 ἶ)
823 939 880 989 Vt
913 950 1026 988 ualet
1045 951 1064 988 ?
1122 950 1205 987 ΜΕ.
1256 949 1359 989 Ρ111ε
1394 962 1517 999 quam

1316 1014 1390 1064 ego
1410 1015 1515 1053 uolo.

117 1079 190 1118 CA.
250 1079 362 1117 Bene
381 1067 519 1118 1191919
539 1083 603 1118 est
623 1079 738 1118 illam
760 1079 839 1119 tibi
859 1080 998 1119 ualere
1019 1083 1062 1118 et
1081 1078 1234 1118 uiuere.

116 1144 200 1181 ΜΕ.
259 1144 392 1182 Credo
411 1144 549 1189 he'rcle
569 1149 610 1182 te
632 1145 823 1193 gaudere,
846 1145 881 1183 si
902 1145 1003 1194 quid
1024 1144 1128 1181 mihi
1148 1144 1247 1182 mali
1269 1148 1343 1182 est.

61 1233 65 1238 -
116 1207 190 1245 CA.
250 1207 452 1246 Omnibus
472 1208 616 1247 amicis
637 1209 746 1258 quod
766 1209 871 1246 mihi
891 1212 954 1247 est
975 1209 1095 1258 cupio
1116 1208 1206 1247 esse
1227 1208 1348 1246 idem.

116 1272 201 1309 ΜΕ.
258 1272 350 1310 Eho
369 1272 426 1320 tu,
441 1277 515 1311 tua
533 1285 637 1311 uxor
658 1273 760 1323 quid
780 1273 866 1322 agit
884 1275 904 1311 ?
979 1273 1052 1312 CA.
1105 1273 1361 1310 Immortalis
1383 1276 1467 1311 est:
1536 1291 1574 1321 55

116 1335 233 1374 Viuit
253 1336 495 1386 uicturaque
516 1338 589 1375 est.
675 1338 758 1376 ΜΕ.
819 1338 929 1376 Bene
950 1337 1087 1375 hercle
1107 1336 1289 1385 nuntias,

116 1401 308 1450 Deosque
329 1402 399 1439 oro
418 1405 465 1439 ut
484 1402 594 1440 uitae
615 1403 711 1440 tuae
733 1406 945 1452 superstes
965 1405 1173 1452 suppetat.

116 1464 191 1503 CA.
249 1465 357 1502 Dum
381 1465 547 1515 quidem
567 1466 705 1504 hercle
726 1470 862 1513 tecum
883 1466 1015 1516 mipta
1035 1467 1102 1514 sit,
1124 1467 1222 1504 sane
1242 1466 1383 1505 uelim.

116 1529 200 1567 ΜΕ.
259 1530 342 1567 Vin
362 1531 656 1570 commutemus
676 1533 696 1569 ⁶?
754 1530 881 1569 Tuam
904 1543 979 1579 ego
1000 1531 1147 1569 ducam
1168 1535 1210 1568 et
1229 1530 1276 1569 ti'i
1295 1544 1425 1569 meam
1441 1533 1461 1568 ἶ)

116 1594 230 1632 Faxo
250 1593 359 1632 haud
380 1595 593 1632 tantillum
616 1595 779 1634 dederis
802 1594 1021 1633 uerborum
1043 1595 1160 1634 mihi.
1536 1606 1575 1634 60

117 1657 191 1696 CA.
249 1659 440 1709 Namque
461 1660 569 1697 enim
592 1664 650 1707 tu,
674 1661 806 1707 credo,
829 1673 892 1698 1119
915 1660 1207 1710 inprudentem
1227 1660 1473 1711 obrepseris,

116 1723 200 1760 ΜΕ.
257 1723 323 1773 Ne
343 1727 388 1761 tu
410 1724 547 1762 horcle
568 1725 667 1762 faxo
686 1725 798 1762 haud
819 1725 979 1763 nescias
1001 1737 1122 1774 quam
1144 1737 1231 1762 rem
1252 1725 1395 1774 egeris.

117 1787 192 1826 CA.
250 1788 418 1827 Habeas
439 1793 485 1826 ut
504 1790 716 1828 nanctu's:
748 1790 846 1827 nota
867 1789 975 1827 mala
995 1802 1058 1827 res
1080 1790 1302 1839 optumast.

115 1851 226 1890 Nam
246 1865 321 1901 ego
341 1852 448 1892 minc
469 1853 504 1892 si
525 1854 709 1903 ignotam
730 1854 904 1904 caspiam,
926 1853 1027 1904 quid
1048 1866 1167 1903 agam
1189 1854 1384 1893 nessciam.

116 1917 202 1954 ΜΕ.
258 1917 418 1968 Edepol
440 1918 613 1968 proinde
634 1922 680 1956 ut
701 1919 803 1957 bene
824 1918 996 1966 uiuitur,
1018 1918 1091 1956 diu
1111 1918 1281 1956 uiuitur.
1536 1927 1574 1966 65

119 1980 199 2018 Sed
218 1980 296 2019 hoc
316 1982 501 2020 animum
522 1982 694 2021 aduorte
715 1987 838 2033 atque
860 1982 978 2021 aufer
998 1983 1260 2031 ridicularia;

115 2045 227 2083 Nam
247 2057 322 2094 ego
343 2046 484 2085 dedita
504 2059 628 2096 opera
647 2047 727 2085 huc
746 2047 798 2085 ad
820 2051 861 2085 te
878 2047 1012 2085 uenio.
1100 2048 1175 2085 CA.
1233 2047 1341 2093 Quid
1360 2048 1478 2087 uenis
1497 2050 1517 2086 ἶ)

116 2108 203 2146 ΜΕ.
260 2109 386 2148 Malis
406 2115 447 2149 te
467 2115 515 2149 ut
534 2111 672 2150 uerbis
696 2110 839 2150 multis
864 2112 1041 2149 multum
1062 2111 1302 2161 obiurigem.

117 2172 193 2211 CA.
250 2174 349 2212 Men
367 2176 387 2212 ἶ)
469 2175 554 2214 ΜΕ.
611 2175 821 2226 Numquis
838 2180 901 2214 est
916 2176 985 2214 hic
1000 2176 1106 2214 alius
1128 2181 1290 2226 praeter
1310 2190 1375 2215 me
1394 2177 1519 2227 atque

1441 2246 1482 2279 te
1497 2244 1517 2279 ἱ)

117 2300 194 2340 CA.
251 2302 292 2340 N
296 2303 441 2341 emost.
500 2304 587 2341 ΜΕ.
647 2303 755 2349 Quid
771 2307 817 2342 tu
830 2304 960 2352 igitur
976 2304 1131 2354 rogitas
1148 2308 1242 2342 tene
1258 2304 1485 2354 obii'irigem
1497 2307 1517 2342 ἱ)
1536 2323 1576 2350 70
