1648 2478
556 126 737 159 PLAVTI
766 125 1062 159 TRINVMMVS
1488 117 1512 159 7

107 240 309 281 Hostisne
329 253 382 280 an
403 241 508 280 ciuis
529 226 721 297 ceniedis,
744 240 865 291 parui
885 240 1076 291 pendere.

107 308 223 345 Haec
243 319 367 356 quom
384 305 507 344 audio
528 306 571 343 in
590 310 631 344 te
652 305 747 353 dici,
770 305 997 344 discrucior
1018 305 1155 344 miser.

107 371 181 410 CA.
239 371 317 408 Est
338 370 462 420 {itque
482 369 563 407 non
585 374 649 408 est
670 369 772 407 mihi
793 375 836 407 in
857 382 995 417 manu,
1017 369 1305 418 Megarenides
1323 384 1330 407 :

106 436 215 482 Quin
236 435 387 482 dicant,
410 447 491 472 non
514 438 600 472 est:
624 424 771 471 merito
792 439 838 472 ut
859 447 909 472 ne
930 434 1083 482 dicant,
1104 434 1149 472 id
1169 438 1243 473 est.

107 501 190 539 ΜΕ.
250 499 400 537 Fuitne
418 498 484 537 hic
500 499 578 537 tibi
595 498 751 537 amicus
769 498 1015 538 Charmides
1031 500 1051 537 ’.Ρ
1122 498 1196 537 CA.
1254 499 1333 537 Est
1353 499 1394 537 et
1416 498 1509 537 fuit.

107 566 158 604 Id
178 565 239 603 ita
258 565 347 603 esse
368 569 413 602 ut
433 564 589 612 credas,
610 564 695 601 rem
716 563 793 602 tibi
815 564 1023 601 auctorem
1044 563 1161 603 dabo.

106 630 212 668 Nam
231 630 451 679 pestquam
472 627 539 666 hic
560 628 649 666 eius
670 628 754 665 rem
776 628 983 677 confregit
1004 627 1122 667 fssius

106 694 313 743 Videtque
335 693 423 743 ipse
443 693 495 731 ad
516 693 805 743 paupertatem
826 697 1082 743 protractum
1104 693 1192 732 esse
1213 705 1257 732 se

108 759 313 808 Suamque
334 757 466 796 filiam
487 757 576 795 esse
597 757 785 795 adultam
806 757 1024 806 uirginem,

108 822 239 861 Simul
257 814 344 861 eius
366 826 541 860 matrem
559 822 757 871 suamque
779 835 946 860 uxorem
967 823 1185 870 mertuam,

106 887 308 933 Quoniam
329 886 426 924 hinc
448 886 603 924 iturust
625 886 739 936 ipsus
761 886 805 924 in
827 886 1068 935 Seleuciam,

107 952 215 990 Mihi
232 951 539 990 commendauit
559 950 762 1000 uirginem
787 952 955 1001 gnatam
978 964 1094 990 suam

106 1017 163 1055 Et
182 1017 269 1054 rem
290 1029 405 1055 suam
426 1020 587 1054 omnem
607 1020 648 1054 et
659 1004 789 1053 illum
811 1020 1048 1066 corruptum
1070 1016 1222 1055 filium.

107 1082 236 1129 Haec,
258 1080 294 1120 si
315 1081 370 1118 mi
391 1080 587 1118 inimicus
609 1080 730 1128 esset,
752 1081 874 1119 credo
894 1080 1007 1119 haud
1027 1081 1225 1120 crederet.

107 1147 191 1183 ΜΕ.
248 1145 357 1191 Quid
378 1150 436 1192 tu,
459 1145 781 1192 adulescentem,
803 1145 926 1194 quem
947 1157 1038 1184 esse
1059 1145 1298 1196 corruptum
1319 1146 1450 1194 uides,

106 1210 186 1256 Qui
206 1211 301 1249 tuae
321 1210 542 1248 mandatus
559 1210 622 1247 est
643 1209 724 1247 fide
745 1214 786 1247 et
805 1201 993 1259 fiduciae,

106 1275 216 1320 Quin
236 1274 328 1313 eum
349 1274 538 1313 restituis
553 1275 573 1312 ⁶?
631 1273 739 1319 Quin
759 1274 812 1312 ad
832 1275 995 1323 frugem
1018 1275 1191 1324 cerrigis
1208 1275 1229 1313 ¹?

107 1339 159 1377 Ei
178 1339 239 1377 rei
259 1340 426 1389 eperam
447 1339 543 1377 dare
564 1342 605 1377 te
627 1337 764 1377 fuerat
784 1338 998 1389 aliquanto
1018 1340 1205 1389 aequius,

109 1404 152 1443 Si
173 1403 246 1454 qui
265 1404 496 1454 probiorem
518 1403 655 1442 facere
676 1416 829 1453 posses,
851 1404 932 1442 non
953 1403 1018 1442 uti

107 1469 159 1506 In
179 1468 352 1507 eandem
374 1472 463 1506 tute
485 1468 699 1506 accederes
721 1468 941 1513 infamiam

107 1531 349 1582 Malumque
370 1537 417 1570 ut
437 1532 526 1570 eius
546 1531 640 1570 cum
658 1536 732 1570 tuo
752 1533 944 1572 misceres
965 1533 1086 1572 malo.

109 1597 182 1636 CA.
231 1597 340 1643 Quid
356 1597 475 1635 feci?
524 1597 609 1636 ΜΕ.
658 1596 776 1643 Quod
791 1597 915 1636 homo
930 1599 1121 1648 nequam.
1170 1598 1246 1637 CA.
1293 1599 1391 1637 Non
1406 1598 1514 1637 istuc

1321 1668 1512 1701 meumst.

108 1728 194 1766 ΜΕ.
250 1726 433 1765 Emistin
454 1726 505 1764 de
526 1726 790 1766 adulescente
810 1727 886 1766 has
907 1727 1022 1766 aedis
1034 1752 1088 1757 —
1103 1727 1205 1778 quid
1224 1732 1337 1766 taces
1353 1729 1373 1766 ⁸?
1388 1752 1442 1757 —

108 1792 189 1830 Vbi
209 1791 319 1829 nunc
339 1795 430 1830 tute
450 1791 615 1830 habitas
634 1793 654 1830 ἱ)
737 1792 812 1831 CA.
869 1792 966 1830 Emi
985 1797 1110 1842 atque
1131 1791 1348 1842 argentum
1368 1793 1476 1842 dedi,

109 1856 246 1895 Minas
267 1856 556 1906 quadraginta,
577 1855 835 1895 adulescenti
855 1856 937 1907 ipsi
957 1856 1001 1894 in
1020 1870 1200 1895 manum.

108 1921 194 1958 ΜΕ.
251 1920 447 1959 Dedistin
463 1925 679 1970 argentum
695 1922 715 1959 ἵ)
794 1920 868 1959 CA.
919 1921 1105 1970 Factum,
1122 1934 1255 1972 neque
1268 1921 1374 1960 facti
1387 1921 1512 1972 piget.

109 1986 193 2023 ΜΕ.
250 1984 409 2035 Edepol
428 1984 511 2023 fide
531 1985 839 2024 adulescentem
860 1985 1102 2025 mandatum
1123 1986 1273 2025 malae!
1310 2003 1319 2011 x

108 2048 328 2087 Dedistine
346 2049 424 2087 hoc
445 2049 556 2088 facto
578 2050 616 2088 ei
636 2050 820 2100 gladium
843 2051 916 2102 qui
937 2064 980 2090 se
1001 2050 1206 2090 occideret
1219 2052 1240 2089 ⁴?

109 2112 216 2159 Quid
237 2114 353 2153 secus
375 2118 439 2152 est
460 2119 531 2153 aut
552 2115 652 2165 quid
673 2115 848 2154 interest
869 2116 966 2154 dare
986 2120 1027 2154 te
1049 2115 1092 2153 in
1112 2128 1260 2154 manus

109 2177 342 2227 Argentum
363 2180 521 2218 amanti
540 2180 702 2218 homini
722 2181 993 2229 adulescenti,
1015 2181 1145 2219 animi
1165 2180 1325 2231 impoti,

108 2242 189 2287 Qui
208 2243 500 2283 exaedificaret
521 2256 638 2283 suam
657 2244 894 2283 incohatam
916 2245 1125 2294 ignauiam
1137 2247 1156 2284 ‘?

93 2306 186 2355 CA.
224 2308 322 2346 Non
342 2308 416 2357 ego
434 2308 502 2346 illi
521 2312 739 2357 argentum
759 2310 974 2348 redderem
992 2312 1011 2348 ἵ)
1061 2311 1145 2348 ΜΕ.
1189 2310 1286 2348 Non
1307 2309 1511 2359 redderes,

1534 449 1587 478 105

1535 771 1591 792 110

1537 1097 1590 1121 11<

1537 1421 1591 1442 120

1535 1806 1589 1835 125

1535 2134 1590 2163 130
