1648 2478
512 114 694 146 PLAVTI
724 112 1019 145 TRINVMMVS
1412 104 1465 145 33

63 230 214 279 Ignota
232 229 361 268 facies
383 229 487 279 quae
509 241 588 266 non
609 227 784 266 uisitata
805 227 871 275 sit,

65 293 444 345 (Mendaciloquom
501 293 684 343 aliquem
700 316 754 321 —
844 293 920 332 CA.
980 292 1087 338 Quid
1134 292 1169 330 is
1204 291 1284 330 scit
1328 292 1463 330 facere

1265 357 1408 406 postea
1423 358 1462 408 ¹22)

63 424 148 461 ΜΕ.
205 422 471 470 Falsidicum,
493 421 767 460 confidentem
780 445 833 450 —
925 422 999 460 CA.
1057 421 1167 466 Quid
1180 425 1268 459 tum
1287 421 1431 471 postea
1445 423 1464 458 ἱ)
1484 442 1542 469 770

63 488 148 525 ΜΕ.
206 487 332 532 Quasi
353 487 406 525 ad
426 486 732 525 adulescentem
756 486 780 524 a‘,
799 490 918 536 patre
940 498 990 524 ex
1011 485 1200 524 Seleucia

63 552 227 600 Veniat,
250 551 426 590 salutem
446 551 483 589 ei
504 549 670 589 nuntiet
690 550 827 589 uerbis
849 551 1001 600 patris:

63 615 190 654 Illum
211 617 314 654 bene
335 611 474 665 gerere
495 610 588 653 rem*
602 615 643 653 et
664 615 801 654 ualere
821 619 864 653 et
884 614 1036 663 uiuere,

63 681 120 718 Et
139 680 235 719 eum
254 668 484 718 rediturum
507 678 703 718 actutum.
764 680 886 717 Ferat
907 679 1107 729 epistulas

64 746 200 784 Duas:
232 745 299 783 eas
320 758 394 783 nos
415 745 716 793 consignemus,
739 744 859 793 quasi
881 744 965 783 sint
985 744 1010 782 a
1028 748 1157 794 patre.
1485 763 1543 793 775

64 810 146 848 Det
165 810 339 848 alteram
360 809 423 846 illi
440 809 445 861 Ι
462 838 471 856 ,
492 809 663 847 alteram
685 809 797 846 (licat
816 808 895 847 tibi

64 875 174 912 Dare
194 874 283 912 sose
303 873 422 911 uelle.
509 874 584 912 CA.
642 873 773 921 Perge
794 886 913 923 porro
934 872 1080 911 dicere.

64 939 148 976 ΜΕ.
209 939 343 988 Seque
363 938 509 976 aurum
530 938 639 976 ferre
660 937 815 987 uirgini
836 939 974 976 dotem
995 939 1019 976 a
1038 942 1156 988 patre

64 1003 189 1041 Dicat
208 1007 450 1053 patremque
472 1003 516 1041 id
535 1002 707 1041 iussisse
729 1016 873 1042 aurum
896 1002 973 1041 tibi
993 1003 1102 1041 dare.

63 1067 196 1106 Tenes
210 1067 322 1106 iam?
407 1069 481 1106 CA.
538 1068 944 1118 Propenioclo,atq11e
958 1067 1147 1105 ausculto
1163 1067 1396 1118 perlubens.
1488 1079 1547 1115 780

64 1132 149 1169 ΜΕ.
208 1132 313 1169 Tum
335 1125 382 1170 tsi
401 1132 529 1181 igitur
548 1132 715 1170 demum
735 1132 992 1170 adulescenti
1012 1131 1155 1170 aurum
1179 1133 1308 1177 dabis,

64 1196 147 1234 Vbi
167 1197 246 1234 erit
266 1196 402 1235 locata
420 1196 540 1245 uirgo
560 1196 605 1234 in
626 1196 950 1234 matrimonium.

28 1252 141 1299 ΔΟΑ.
191 1260 306 1316 'Scite
322 1261 459 1299 hercle
477 1262 594 1300 sane!
678 1241 786 1300 ME?
822 1261 927 1309 Hoc,
943 1260 1014 1299 ubi
1033 1261 1305 1300 thensaurum
1323 1262 1470 1300 effode-

173 1317 312 1340 ’”’·“”““
1400 1327 1468 1375 ris,

67 1389 354 1440 Suspicionem
373 1391 423 1429 ab
444 1390 709 1429 adulescente
728 1390 942 1429 amoueris.

66 1455 264 1494 Censebit
284 1467 430 1493 aurum
451 1467 540 1494 esse
561 1456 584 1494 a
604 1459 721 1506 patre
742 1454 915 1493 allatum
938 1455 1038 1493 tibi:
1487 1466 1545 1502 785

67 1519 130 1556 Tu
150 1519 200 1557 do
219 1519 444 1558 thensauro
465 1519 612 1558 sumes.
699 1520 774 1559 CA.
835 1521 947 1559 Satis
970 1521 1072 1559 scite
1093 1521 1134 1558 et
1153 1521 1302 1571 probe!

66 1583 324 1633 Quamquam
346 1583 422 1622 hoc
442 1597 506 1622 nie
526 1585 676 1623 aetatis
698 1585 994 1637 sffcophantari
1013 1585 1153 1635 pudet.

67 1647 149 1686 Sed
169 1647 372 1698 epistulas
393 1649 559 1698 qua-ndo
579 1649 820 1699 opsignatas
840 1649 1013 1698 adferet,

69 1712 173 1763 [Sed
193 1725 317 1762 quom
338 1713 579 1762 opsignatas
599 1713 789 1751 attulerit
809 1713 1044 1767 epistulas‚]
1488 1731 1566 1767 788a

66 1777 216 1815 Nonne
236 1776 451 1816 arbitraris
467 1778 565 1827 *eum
586 1778 891 1816 adulescentem
913 1779 1028 1817 anuli

66 1841 237 1879 Paterni
258 1841 421 1891 signum
443 1843 565 1881 nosse
581 1844 601 1881 ἵ)
686 1844 771 1880 ΜΕ.
828 1843 969 1881 Etiam
989 1843 1035 1881 tii
1055 1848 1167 1882 taces
1183 1845 1204 1882 ἵ)
1487 1865 1545 1892 790

69 1905 287 1944 sescentae
307 1907 360 1944 ad
379 1919 468 1945 eam
489 1919 576 1944 rem
596 1906 742 1946 causae
763 1911 938 1957 possunt
958 1907 1134 1957 conligi:

67 1969 195 2008 Illum
217 1983 341 2020 quem
365 1970 370 2024 Ι
395 1971 543 2009 habuit
563 1972 758 2022 perdidit,
783 1972 932 2023 [alium
953 1973 1069 2025 post]
1092 1972 1194 2012 fecit
1213 1986 1377 2013 nouom.

68 2034 159 2072 Iam
179 2034 214 2073 si
234 2035 474 2085 opsignatas
494 2037 578 2074 non
596 2037 716 2085 feret,
739 2036 823 2075 dici
842 2036 922 2075 hoc
942 2041 1091 2087 potest,

67 2098 195 2149 Apud
213 2099 456 2150 portitorem
476 2101 544 2139 eas
564 2101 796 2150 resignatas
819 2101 898 2139 sibi

68 2162 368 2213 Inspectasque
388 2177 489 2203 esse.
548 2165 600 2202 In
620 2165 745 2204 huius
766 2166 879 2204 modi
899 2166 1066 2215 negotio
1486 2186 1544 2216 795

68 2227 190 2265 Diem
210 2240 398 2266 sermone
416 2229 549 2267 torere
571 2230 768 2278 segnities
789 2234 963 2269 merast:

68 2290 268 2336 Quamuis
289 2304 496 2332 sermones
516 2294 692 2343 possunt
711 2294 825 2344 longi
843 2295 988 2334 texier.

289 2365 312 2388 D
