1648 2478
122 118 176 159 10
460 170 470 176 .
574 121 756 154 PLAVTI
787 121 1080 153 TRINVMMVS

123 240 198 278 CA.
255 236 485 288 Numquid,
504 236 617 288 prius
636 248 760 286 quam
776 234 888 284 abeo,
906 234 970 273 me'
987 233 1218 284 rogaturu's
1233 235 1253 272 ἵ)
1283 234 1368 271 ΜΕ.
1404 232 1520 271 Vale.

1162 298 1281 350 [Emit
1304 296 1519 348 Callicles]

123 367 243 406 Nihil
264 367 328 405 est
348 366 536 417 profecto
556 364 727 404 stffltius
748 376 882 414 neque
903 363 1096 402 stelidius

49 452 105 472 200
123 433 269 481 Neque
290 429 649 479 mendaciloquius
669 440 803 478 neque
824 427 1016 477 argutum
1038 427 1169 476 magis

122 488 269 546 Neque
290 493 684 543 cenfidentilequius
703 505 836 542 neque
858 491 1057 542 peiiurius

123 561 252 606 Quam
272 558 421 598 urbani
441 558 607 596 adsidui
627 556 752 605 ciues,
774 569 877 606 quos
899 544 1058 594 scurras
1077 559 1238 594 uocant.

124 626 263 675 Atque
285 625 445 673 egomet
465 635 530 660 me
551 622 653 660 adeo
673 620 766 659 cuni
785 620 872 659 illis
892 633 975 659 una
994 620 1148 658 ibidem
1168 619 1300 669 traho,

124 689 202 735 Qui
222 688 389 727 illerum
408 687 546 725 uerbis
566 685 686 724 falsis
707 686 896 736 acceptc'n·
916 684 992 733 fui,

49 775 104 805 205
123 753 203 799 Qui
224 752 362 791 onmia
382 764 424 790 se
446 750 646 790 simulant
666 749 770 789 scire
791 762 924 799 neque
944 749 1167 799 quicquam
1187 748 1337 787 sciunt.

124 818 241 864 Quod
262 816 437 868 quisque
458 816 502 853 in
522 815 661 854 animo
680 815 807 853 habet
827 818 897 852 aut
917 812 1155 852 habiturust
1175 813 1336 852 sciunt:

127 883 271 921 Sciunt
291 881 335 919 id
355 881 466 931 quod
485 880 530 918 in
550 892 689 918 aurem
710 879 783 917 re‘x
804 879 969 928 reginae
989 877 1164 916 dixerit:

127 947 271 985 Sciunt
293 946 401 996 quod
422 946 527 983 Iuno
547 944 780 983 fabulatast
801 943 893 982 cuin
913 944 1034 981 Ioue:

125 1012 237 1057 Quae
257 1011 390 1061 neque
411 1010 554 1048 futura
574 1009 707 1059 neque
730 1012 837 1056 sunt,
860 1011 998 1046 tamen
1019 1005 1085 1045 illi
1105 1006 1253 1045 sciunt.

51 1092 108 1112 210
126 1076 279 1115 Fals6n
300 1088 353 1113 an
372 1087 470 1113 uero
490 1073 675 1122 laudent,
698 1073 867 1123 culpent
887 1073 1009 1122 quem
1029 1071 1176 1119 uelint,

126 1141 221 1179 Non
242 1140 357 1178 fl6cci
378 1139 552 1187 faciunt,
574 1137 671 1176 dum
692 1137 798 1175 illud
820 1137 929 1188 quod
949 1136 1090 1174 lubeat
1107 1135 1251 1174 Sciant.

71 1197 74 1201 ⁵
128 1205 280 1245 Omnes
302 1204 496 1242 mortales
517 1202 628 1242 hunc
648 1202 815 1241 aiebant
835 1201 1050 1241 Calliclem

128 1269 353 1319 Indignum
373 1268 543 1307 ciuitate
564 1268 640 1306 hac
661 1280 750 1306 esse
770 1270 811 1305 et
830 1266 983 1314 uiuere,

128 1334 256 1373 Bonis
278 1333 348 1384 qui
368 1333 480 1371 hunc
500 1332 808 1371 adulescentem
829 1330 1051 1369 euortisset
1071 1329 1169 1367 suis.

54 1413 109 1443 215
127 1400 217 1449 Ego
237 1399 286 1436 de
308 1398 447 1436 e6rum
468 1397 607 1435 uerbis
628 1396 968 1445 famigeratoi‘um
988 1394 1169 1433 insciens

128 1462 310 1502 Prosilui
330 1462 507 1500 amicum
528 1461 773 1510 castigatum
796 1459 1021 1498 inndxium.

128 1527 247 1573 Quod
268 1526 301 1566 si
322 1527 566 1576 exquiratur
585 1525 714 1575 {isque
735 1525 786 1563 ab
807 1525 935 1575 stirpe
955 1523 1191 1571 auct6ritas‚

129 1592 249 1631 Vnde
270 1590 475 1642 quidquid
494 1589 683 1628 auditum
704 1588 864 1627 dicant:
896 1588 979 1626 nisi
999 1588 1042 1625 id
1064 1587 1274 1638 appareat,

130 1655 429 1705 Famigeratori
451 1655 514 1692 res
536 1654 591 1693 sit
611 1666 705 1692 cum
725 1654 876 1691 damno
896 1653 938 1691 et
957 1651 1088 1690 malo:

55 1735 113 1755 220
131 1721 223 1759 Hoc
242 1720 303 1758 ita
324 1719 358 1758 si
378 1719 462 1767 fiat,
484 1718 650 1768 publico
670 1717 743 1756 fiat
762 1718 879 1755 bono.

130 1784 259 1823 Pauci
280 1783 365 1822 sint
386 1782 516 1821 faxim
538 1781 610 1832 qui
632 1781 765 1820 sciant
785 1781 895 1831 quod
916 1781 1117 1828 nesciunt,

133 1848 493 1898 Occlusioremque
513 1847 696 1885 habeant
716 1845 1110 1895 stultiloquentiani.

1078 1909 1197 1960 [Exit
1217 1906 1527 1960 Meyaronides]
