1648 2478
165 120 218 160 32
614 129 795 160 PLAVTI
826 128 1120 161 TRLNVMMVS

162 242 266 281 Post
285 242 408 281 adeas
429 246 519 280 tute
540 242 778 280 Philtonem
800 246 841 294 et
862 243 999 280 dotem
1020 243 1117 281 dare

163 307 221 344 Te
241 306 279 344 ei
299 306 436 355 dicas,
469 307 603 344 facere
624 307 668 344 id
689 307 775 345 eius
797 300 848 345 cb
868 307 1093 345 amicitiam
1114 308 1257 357 patris.

162 371 316 409 Verum
337 370 414 409 hoc
435 383 508 420 ego
528 383 683 419 uereor,
704 383 756 409 ne
777 370 904 410 istaec
925 371 1176 421 pollicitatio

162 436 221 473 Te
240 435 285 472 in
306 434 461 473 crimen
480 435 633 485 populo
649 436 775 485 ponat
795 440 919 485 atque
943 435 1172 475 infamiam.

86 520 144 547 740
161 500 257 537 Non
277 500 431 538 te'mere
452 500 592 537 dicant
612 500 653 537 te
673 499 898 549 benignum
918 499 1092 549 uirgini:

162 564 313 602 Datam
333 563 411 602 tibi
433 564 583 611 dotem,
605 564 643 601 ei
665 564 788 614 quam
809 564 942 612 dares,
965 565 1051 603 eius
1072 565 1096 603 a
1115 569 1255 616 patre:

161 629 227 666 Ex
247 629 295 667 ea
313 628 456 677 largiri
476 632 519 666 te
539 628 615 677 illi,
638 640 771 678 neque
793 628 854 667 ita
873 632 920 666 ut
941 628 995 667 sit
1017 629 1115 668 data

161 693 374 732 Columem
394 697 434 731 te
456 693 603 731 sistere
624 693 700 741 illi,
721 697 762 731 et
783 693 953 731 detraxe
973 693 1198 732 autument.

161 758 284 795 Nunc
305 757 339 796 si
360 757 541 807 opperiri
561 757 626 795 uis
647 758 872 796 aduentum
893 758 1116 807 Charmidi,

85 828 141 857 745
161 821 454 870 Perlongumst
472 837 478 859 :
510 822 608 860 huic
628 823 806 860 ducendi
828 822 988 861 interea
1007 823 1252 862 abscesserit

161 886 345 934 Lubido3
377 891 501 936 atque
522 899 570 924 ea
589 886 776 925 condicio
796 886 892 925 huic
913 887 979 924 uel
1001 887 1250 937 primariast.

161 950 235 989 CA.
293 951 402 988 Nam
424 951 560 988 hercle
581 951 721 988 omnia
741 950 869 989 istaec
888 951 1064 989 ueniunt
1084 951 1127 988 in
1147 952 1328 989 mentem
1349 951 1465 990 mihi.

160 1015 268 1053 Vide
289 1015 325 1053 si
344 1014 422 1053 hoc
440 1015 588 1053 utibile
610 1015 741 1064 magis
762 1020 886 1064 atque
907 1015 949 1052 in
970 1028 1056 1053 rem
1077 1016 1264 1065 deputas,

161 1079 305 1129 Ipsum
324 1079 469 1117 adeam
491 1079 777 1127 Lesbonicum,
799 1080 989 1118 edoceam
1010 1084 1057 1117 ut
1076 1080 1140 1117 re's
1161 1092 1203 1117 se
1223 1080 1360 1118 habet.

84 1162 142 1190 750
162 1143 241 1181 Sed
261 1147 308 1181 ut
328 1143 402 1193 ego
423 1156 532 1181 nunc
552 1143 811 1181 adulescenti
832 1144 1102 1182 thensaurum
1124 1143 1303 1182 indicem

161 1208 382 1255 Indomito,
404 1208 527 1257 pleno
547 1208 698 1246 amoris
719 1220 765 1246 ac
786 1208 983 1246 lasciuiae
999 1209 1018 1245 ?

160 1272 357 1321 Minume,
379 1272 561 1310 minume
581 1272 720 1311 hercle
739 1273 848 1311 ue‘ro.
905 1273 1015 1311 Nam
1037 1273 1147 1311 certo
1168 1272 1264 1321 scio,

159 1335 313 1374 Locum
333 1349 497 1386 quoque
518 1336 636 1374 illum
659 1350 823 1375 omnem
841 1336 912 1375 {rbi
934 1337 1059 1376 situst
1080 1337 1326 1387 comederit3

158 1401 288 1446 Quem
309 1401 450 1439 fodere
471 1406 621 1450 metuo,
644 1402 825 1440 sonitum
845 1415 896 1440 ne
915 1402 987 1439 ille
1007 1401 1204 1440 exaudiat

83 1481 139 1510 755
158 1465 252 1503 Neu
272 1478 357 1503 rem
378 1465 510 1516 ipsam
531 1466 712 1515 indaget,
734 1467 871 1504 dotem
893 1467 990 1505 dare
1011 1466 1046 1504 si
1067 1465 1254 1504 dixerim.

160 1531 244 1567 ME.
301 1529 389 1574 Quo
408 1530 528 1580 pa‘cto
549 1543 644 1579 ergo
664 1531 795 1580 igitur
816 1531 922 1570 clam
943 1532 1016 1570 dos
1037 1530 1224 1581 depromi
1243 1534 1381 1581 potest
1395 1532 1416 1569 ‘?

159 1594 233 1633 CA.
290 1595 401 1632 Dum
421 1595 579 1633 occasio
599 1595 637 1633 ei
657 1595 717 1633 rei
736 1596 978 1646 reperiatur,
1000 1595 1165 1634 interim

158 1659 224 1698 Ab
243 1659 376 1697 amico
395 1659 586 1698 alicunde
606 1659 795 1698 mutuom
814 1660 1030 1710 argent-um
1050 1673 1199 1709 rogem.

158 1725 242 1762 ME.
300 1724 425 1762 Potin
446 1725 509 1762 est
528 1725 578 1762 ab
599 1725 730 1763 amico
750 1725 941 1763 alicunde
961 1724 1155 1763 exorari?
1238 1724 1314 1763 CA.
1372 1726 1528 1764 Potest.

82 1800 140 1835 760
158 1789 241 1825 ME.
301 1789 475 1827 Gerrae!
533 1790 598 1827 Ne
618 1794 664 1827 tu
677 1789 783 1827 illud
803 1790 974 1827 uerbum
995 1793 1181 1827 actutum
1202 1789 1433 1828 inueneris:

158 1856 167 1874 ‘
181 1852 291 1890 Mihi
310 1853 476 1902 quidem
497 1853 635 1891 hercle
656 1855 738 1891 non
759 1858 822 1891 est
842 1854 952 1903 quod
973 1854 1065 1891 dem
1086 1852 1297 1891 mutuom!

157 1917 232 1956 CA.
291 1917 437 1955 Malim
459 1917 596 1956 hercle
617 1922 664 1955 ut
683 1930 827 1956 uerum
850 1917 962 1956 dicas
984 1930 1107 1968 quam
1128 1922 1175 1955 ut
1195 1918 1267 1956 des
1287 1916 1485 1955 mutuom.

157 1982 241 2019 ME.
301 1982 380 2020 Sed
399 1981 495 2020 uide
515 1982 734 2020 consilium
755 1982 791 2020 si
811 1982 955 2032 placet.
1043 1983 1117 2021 CA.
1175 1982 1284 2027 Quid
1304 1982 1493 2020 consilist
1507 1983 1527 2020 ’.Ρ

158 2047 241 2084 ΜΕ.
301 2046 472 2094 Scitum,
492 2045 539 2084 {rt
563 2059 636 2095 ego
657 2047 812 2097 opinor,
836 2047 1053 2085 consilium
1075 2046 1228 2085 inueni.
1313 2046 1388 2085 CA.
1445 2046 1556 2091 Quid

1456 2114 1519 2149 est
1533 2111 1553 2148 ⁴?

81 2184 137 2221 765
156 2176 240 2212 ME.
300 2176 437 2213 Homo
458 2176 709 2214 conducatur
729 2175 882 2225 aliquis
903 2176 996 2224 iam,
1019 2174 1220 2226 quantum
1241 2179 1391 2225 potest,

157 2239 282 2284 Quasi
303 2238 358 2278 sit
378 2239 631 2289 peregrinus.
718 2240 792 2278 CA.
850 2239 958 2285 Quid
978 2240 1013 2279 is
1035 2240 1114 2278 scit
1133 2240 1269 2277 facere
1289 2240 1434 2289 postea
1447 2240 1468 2277 ?

157 2304 242 2342 ME.
300 2303 343 2341 Is
364 2303 486 2341 homo
506 2303 727 2342 exornetur
748 2303 943 2354 graphice
963 2304 1006 2342 in
1027 2302 1288 2354 peregrinum
1308 2303 1487 2352 modum,
