1648 2478
136 137 161 177 6
583 139 763 172 PLAVTI
794 137 1087 170 TRINVMMVS

136 257 233 296 Nisi
252 255 299 295 tii
320 269 382 294 me
404 255 594 292 mihimet
613 254 756 292 censes
777 251 984 291 dicturum
1004 251 1122 290 male.

136 322 246 360 Nam
268 320 303 359 si
323 319 368 358 in
386 324 427 358 te
449 322 666 368 aegrotant
686 318 794 356 artes
816 316 1013 366 antiquae
1032 320 1129 355 tuae

140 385 237 438 [Sin
257 384 476 422 immutare
496 382 560 421 uis
581 382 795 431 ingenium
816 381 1016 433 meribus]

137 450 243 502 (Aut
264 448 300 487 si
319 449 538 487 demutant
558 447 690 484 meres
713 445 922 494 ingenium
940 450 1054 484 tuom

138 516 285 564 Neque
306 514 374 551 ees
395 508 589 561 antiquos
610 511 762 559 seruas,
785 514 849 549 ast
870 510 1012 560 captas
1031 511 1191 562 nouos,)

82 597 120 628 75
140 577 341 618 Omnibus
362 576 506 615 amicis
527 575 714 613 morbum
736 578 790 616 tu,
804 574 982 612 incuties
1002 587 1182 623 grauem,

138 645 195 682 Vt
215 643 257 681 te
276 642 418 680 uidere
434 639 657 690 audireque
679 638 836 688 aegroti
856 639 975 690 ¹sient.

139 708 215 747 CA.
271 706 351 753 Qui
371 707 414 744 in
434 705 615 743 mentem
637 704 753 742 uenit
773 703 851 742 tibi
869 708 998 742 istaec
1019 704 1133 743 dicta
1152 703 1286 742 dicere
1301 706 1323 742 ‘?

140 773 224 811 ME.
281 771 388 817 Quia
407 769 540 808 omnis
560 769 689 807 bonos
710 769 920 817 bonasque
940 769 1136 807 adcurare
1157 769 1342 816 addecet,

142 835 426 887 Suspicionem
447 838 488 872 et
507 833 671 883 culpam
693 838 739 870 ut
759 833 809 871 ab
831 845 873 871 se
894 833 1122 881 segregent.

141 902 217 941 CA.
290 901 388 939 Non
427 900 567 950 petest
609 901 831 947 utrumque
873 895 981 935 fieri.
1085 898 1169 935 ME.
1245 897 1504 947 Quapropter
1521 898 1540 934 ’.Ρ

85 978 124 1006 80
1252 962 1326 999 CA.
1367 962 1504 1010 Rogas
1521 961 1541 998 ἵ)

140 1031 206 1069 Ne
223 1029 440 1069 admittam
460 1027 638 1078 culpam,
660 1040 734 1076 ego
755 1027 844 1065 mee
867 1039 957 1064 sum
977 1039 1146 1077 promus
1167 1025 1346 1076 pectori:

144 1094 332 1145 Suspicio
352 1098 416 1132 est
436 1093 480 1131 in
500 1093 666 1143 pectore
687 1092 824 1130 aliene
846 1092 937 1130 sita.

142 1161 252 1198 Nam
272 1158 381 1196 m'mc
401 1170 476 1207 ego
497 1157 533 1196 si
553 1161 595 1195 te
617 1156 879 1206 surrupuisse
902 1155 1086 1205 suspicer

143 1223 237 1262 Ioui
256 1235 444 1262 coronam
468 1222 519 1260 de
539 1221 675 1272 capite
696 1233 747 1259 ex
768 1220 974 1271 Capitolio

88 1307 125 1344 85
143 1288 259 1335 Quod
279 1287 323 1325 in
344 1287 550 1326 061umine
571 1290 682 1324 astat
703 1284 884 1323 summo:
908 1285 944 1323 si
964 1285 1007 1322 id
1026 1297 1109 1322 non
1129 1284 1278 1322 feceris

94 1364 99 1370 ·
144 1353 282 1403 Atque
302 1352 346 1390 id
366 1356 505 1389 tamen
526 1350 631 1388 mihi
650 1349 792 1387 lubeat
814 1349 1073 1399 suspicarier,

143 1417 221 1463 Qui
241 1421 288 1455 tu
308 1416 351 1455 id
371 1415 588 1466 prohibere
609 1414 674 1452 me
694 1418 812 1464 potes
832 1426 882 1451 ne
901 1413 1085 1463 suspicer
1099 1414 1120 1451 ⁴?

146 1482 226 1521 Sed
244 1480 353 1520 istuc
373 1480 515 1529 negoti
536 1478 656 1529 cupio
677 1478 779 1517 scire
801 1477 901 1528 quid
923 1478 1011 1516 siet.

144 1547 229 1585 ME.
288 1545 437 1584 Haben
456 1549 503 1582 tu
523 1544 700 1582 amicum
721 1547 794 1581 aut
813 1542 1062 1580 familiarem
1083 1542 1332 1592 quempiam,

89 1629 128 1657 90
145 1610 249 1656 Quoi
269 1610 413 1660 pectus
435 1608 570 1659 sapiat
584 1609 604 1646 ⁶?
689 1607 762 1645 CA.
820 1596 982 1656 Edepol
1004 1606 1117 1644 haud
1137 1606 1271 1643 dicam
1292 1605 1402 1643 dolo.

148 1677 253 1714 Sunt
273 1675 374 1725 ques
395 1673 480 1712 scio
500 1684 589 1711 esse
609 1671 774 1720 amicos,
797 1675 895 1709 sunt
916 1683 1018 1721 quos
1041 1669 1239 1720 suspicor,

147 1740 252 1778 Sunt
274 1740 446 1789 querum
466 1737 636 1787 ingenia
652 1740 777 1786 atque
797 1736 956 1774 animos
977 1747 1135 1784 nequeo
1154 1735 1334 1782 n6scere,

146 1804 214 1842 Ad
234 1803 356 1842 amici
376 1806 536 1853 partem
558 1814 611 1840 an
632 1801 684 1839 ad
705 1800 865 1838 inimici
886 1800 1137 1850 peruenant:

148 1869 230 1907 Sed
244 1867 292 1906 tii
311 1880 362 1906 ex
378 1867 521 1905 amicis
542 1866 665 1904 certis
687 1864 791 1903 mihi
812 1869 855 1902 es
875 1863 1155 1902 certissumus.

92 1953 129 1984 95
149 1933 192 1972 Si
213 1932 314 1983 quid
334 1932 414 1970 scis
435 1944 501 1969 me
521 1930 671 1969 fecisse
692 1929 841 1967 inscite
861 1933 933 1966 aut
954 1928 1136 1978 inprobe,

150 1998 193 2036 Si
213 1997 257 2035 id
276 1997 358 2035 nen
378 2008 442 2034 me
463 2007 642 2042 accusas,
662 1993 752 2032 tute
774 1993 861 2043 ipse
882 1992 1163 2041 obiurgandus
1182 2004 1237 2030 es.

149 2063 234 2101 ME.
293 2060 385 2099 Scio
402 2064 454 2107 et,
472 2059 507 2098 si
524 2059 607 2097 alia
623 2058 703 2096 huc
719 2051 843 2096 causa
858 2057 911 2095 ad
926 2061 966 2094 te
983 2055 1146 2103 amoeni,
1159 2068 1332 2105 aequom
1350 2055 1548 2105 pestulas.

150 2127 224 2165 CA.
281 2124 488 2175 Exspecto
509 2122 647 2172 siquid
667 2121 792 2160 dicas.
877 2121 961 2158 ME.
1018 2119 1304 2157 Primumdum
1327 2119 1524 2167 emnium,

150 2189 262 2228 Male
283 2188 500 2241 dictitatur
519 2186 597 2225 tibi
616 2185 737 2235 uolgo
757 2185 799 2222 in
817 2184 1084 2224 sermenibus.

79 2277 134 2298 100
152 2252 593 2304 Turpilucricupidum
613 2251 656 2289 te
678 2253 829 2289 uocant
850 2249 962 2287 ciues
982 2247 1046 2286 tui
1063 2263 1070 2297 3

153 2319 259 2356 Tum
279 2317 417 2355 autem
439 2319 538 2354 sunt
557 2314 642 2362 alii,
663 2313 736 2364 qui
756 2317 796 2351 te
815 2311 1041 2351 uolturium
1061 2316 1237 2350 uocant:
